@article{rulkov,
    author = {Rulkov, Nikolai},
    year = {2001},
    month = {02},
    pages = {183-6},
    title = {Regularization of Synchronized Chaotic Bursts},
    volume = {86},
    journal = {Physical review letters},
    doi = {10.1103/PhysRevLett.86.183}
}